
<record>
  <controlfield tag="001">1290030</controlfield>
  <datafield tag="024" ind1="7" ind2=" ">
    <subfield code="a">10.22323/1.205.0138</subfield>
    <subfield code="2">DOI</subfield>
  </datafield>
  <datafield tag="035" ind1=" " ind2=" ">
    <subfield code="9">INSPIRETeX</subfield>
    <subfield code="a">Shemyakin:2014oia</subfield>
  </datafield>
  <datafield tag="035" ind1=" " ind2=" ">
    <subfield code="9">DESY</subfield>
    <subfield code="z">DA14-kp28f</subfield>
  </datafield>
  <datafield tag="245" ind1=" " ind2=" ">
    <subfield code="a">Study of the process $e^{+}e^{−} \to K^{+}K^{−}\pi^{+}\pi^{−}$ in the c.m. energy range 1.5 - 2.0 GeV with the CMD-3 detector</subfield>
  </datafield>
</record>

</collection>